@BOOKLET{Madsen2010,
  author = {Lars Madsen},
  title = {Introduktion til {LaTeX}},
  year = {2010},
  howpublished = {\url{http://www.imf.au.dk/system/latex/bog/}}
 }
 
@MISC{Oetiker2010,
  author = {Tobias Oetiker},
  title = {The Not So Short A Introduction to {LaTeX2e}},
  year = {2010},
  howpublished = {\url{http://tobi.oetiker.ch/lshort/lshort.pdf}}
 }
 
@BOOK{Mittelbach2005,
  author = {Frank Mittelbach},
  edition = {2. ed.},
  publisher = {Addison-Wesley},
  title = {The LATEX companion},
  year = 2005
}

@article{caroux2015player,
  title={Player--video game interaction: A systematic review of current concepts},
  author={Caroux, Lo{\"\i}c and Isbister, Katherine and Le Bigot, Ludovic and Vibert, Nicolas},
  journal={Computers in Human Behavior},
  volume={48},
  pages={366--381},
  year={2015},
  publisher={Elsevier}
}

@book{snowden2012basic,
  title={Basic vision: an introduction to visual perception},
  author={Snowden, Robert and Snowden, Robert J and Thompson, Peter and Troscianko, Tom},
  year={2012},
  publisher={Oxford University Press}
}