% Encoding: UTF-8

@Misc{AirconsoleUnity,
  author =       {AirConsole},
  title =        {AirConsole Unity Plugin},
  howpublished = {\url{https://developers.airconsole.com/\#\!/guides/unity}},
  note =         {Accessed: December 14, 2016}
}

@Misc{Autodesk,
  author =       {Autodesk},
  title =        {Maya},
  howpublished = {\url{http://www.autodesk.com/products/maya/overview}}
}

@Misc{Infeld2012,
  author =       {Max Infeld},
  title =        {PiratesBay},
  howpublished = {\url{http://www.xerographer.com/}},
  month =        oct,
  year =         {2012},
  note =         {Accessed: December 18, 2016}
}

@Misc{LightingTexturedSurfaces,
  author =       {Martin Kraus},
  title =        {Lighting Textured Surfaces},
  howpublished = {\url{https://en.wikibooks.org/wiki/Cg_Programming/Unity/Lighting_Textured_Surfaces}},
  note =         {Accessed: December 18, 2016}
}@BOOKLET{Madsen2010,
  author = {Lars Madsen},
  title = {Introduktion til {LaTeX}},
  year = {2010},
  howpublished = {\url{http://www.imf.au.dk/system/latex/bog/}}
 }
 
@BOOK{Mittelbach2005,
  author = {Frank Mittelbach},
  edition = {2. ed.},
  publisher = {Addison-Wesley},
  title = {The LATEX companion},
  year = 2005
}
 
@MISC{Oetiker2010,
  author = {Tobias Oetiker},
  title = {The Not So Short A Introduction to {LaTeX2e}},
  year = {2010},
  howpublished = {\url{http://tobi.oetiker.ch/lshort/lshort.pdf}}
 }

@Misc{TextureMapping,
  author =       {Martin Kraus},
  title =        {Textured Spheres},
  howpublished = {\url{https://en.wikibooks.org/wiki/Cg_Programming/Unity/Textured_Spheres}},
  note =         {Accessed: December 18, 2016}
}

@Misc{Unity,
  author =       {{Unity Technologies}},
  title =        {Unity},
  howpublished = {\url{https://unity3d.com/}},
  note =         {Accessed: December 16, 2016}
}
